@article{synthesisBook,
  author    = {Sumit Gulwani and
               Oleksandr Polozov and
               Rishabh Singh},
  title     = {Program Synthesis},
  journal   = {Foundations and Trends in Programming Languages},
  volume    = {4},
  number    = {1-2},
  pages     = {1--119},
  year      = {2017},
  url       = {https://doi.org/10.1561/2500000010},
  doi       = {10.1561/2500000010},
  timestamp = {Tue, 08 Aug 2017 15:44:42 +0200},
  biburl    = {https://dblp.org/rec/bib/journals/ftpl/GulwaniPS17},
  bibsource = {dblp computer science bibliography, https://dblp.org}
}

@inproceedings{Gulwani2016,
 author = {Gulwani, Sumit},
 title = {Programming by Examples: Applications, Algorithms, and Ambiguity Resolution},
 booktitle = {Proceedings of the 8th International Joint Conference on Automated Reasoning - Volume 9706},
 year = {2016},
 isbn = {978-3-319-40228-4},
 pages = {9--14},
 numpages = {6},
 url = {http://dx.doi.org/10.1007/978-3-319-40229-1_2},
 doi = {10.1007/978-3-319-40229-1_2},
 acmid = {2960764},
 publisher = {Springer-Verlag New York, Inc.},
 address = {New York, NY, USA},
} 

@inproceedings{Singh2016,
 author = {Singh, Rishabh and Gulwani, Sumit},
 title = {Transforming Spreadsheet Data Types Using Examples},
 booktitle = {Proceedings of the 43rd Annual ACM SIGPLAN-SIGACT Symposium on Principles of Programming Languages},
 series = {POPL '16},
 year = {2016},
 isbn = {978-1-4503-3549-2},
 location = {St. Petersburg, FL, USA},
 pages = {343--356},
 numpages = {14},
 url = {http://doi.acm.org/10.1145/2837614.2837668},
 doi = {10.1145/2837614.2837668},
 acmid = {2837668},
 publisher = {ACM},
 address = {New York, NY, USA},
 keywords = {Noisy Examples, Probabilistic Synthesis, Program Synthesis, Programming By Examples, Spreadsheet Programming},
} 


@article{Yaghmazadeh2016,
 author = {Yaghmazadeh, Navid and Klinger, Christian and Dillig, Isil and Chaudhuri, Swarat},
 title = {Synthesizing Transformations on Hierarchically Structured Data},
 journal = {SIGPLAN Not.},
 issue_date = {June 2016},
 volume = {51},
 number = {6},
 month = jun,
 year = {2016},
 issn = {0362-1340},
 pages = {508--521},
 numpages = {14},
 url = {http://doi.acm.org/10.1145/2980983.2908088},
 doi = {10.1145/2980983.2908088},
 acmid = {2908088},
 publisher = {ACM},
 address = {New York, NY, USA},
 keywords = {Program synthesis, data transformations, programming by example},
} 

@inproceedings{Desai2016,
 author = {Desai, Aditya and Gulwani, Sumit and Hingorani, Vineet and Jain, Nidhi and Karkare, Amey and Marron, Mark and R, Sailesh and Roy, Subhajit},
 title = {Program Synthesis Using Natural Language},
 booktitle = {Proceedings of the 38th International Conference on Software Engineering},
 series = {ICSE '16},
 year = {2016},
 isbn = {978-1-4503-3900-1},
 location = {Austin, Texas},
 pages = {345--356},
 numpages = {12},
 url = {http://doi.acm.org/10.1145/2884781.2884786},
 doi = {10.1145/2884781.2884786},
 acmid = {2884786},
 publisher = {ACM},
 address = {New York, NY, USA},
} 

@inproceedings{mechtaev2016angelix,
  title={{Angelix: Scalable Multiline Program Patch Synthesis via Symbolic Analysis}},
  author={Mechtaev, Sergey and Yi, Jooyong and Roychoudhury, Abhik},
  booktitle={International Conference on Software Engineering},
  series = {ICSE '16},
  pages={691--701},
  year={2016},
}


@Article{genprog-tse-journal,
	title={{GenProg}: A Generic Method for Automated Software Repair}, 
	journal={IEEE Transactions on Software Engineering},
    venue = {TSE},
	author={Claire {Le Goues} and ThanhVu Nguyen and Stephanie Forrest and Westley Weimer}, 
     volume= {38},
    number = {1},
    pages={54--72},
	year={2012}
}

@article{Chugh2016,
 author = {Chugh, Ravi and Hempel, Brian and Spradlin, Mitchell and Albers, Jacob},
 title = {Programmatic and Direct Manipulation, Together at Last},
 journal = {SIGPLAN Not.},
 issue_date = {June 2016},
 volume = {51},
 number = {6},
 month = jun,
 year = {2016},
 issn = {0362-1340},
 pages = {341--354},
 numpages = {14},
 url = {http://doi.acm.org/10.1145/2980983.2908103},
 doi = {10.1145/2980983.2908103},
 acmid = {2908103},
 publisher = {ACM},
 address = {New York, NY, USA},
 keywords = {Prodirect Manipulation, SVG, Sketch-n-Sketch},
} 

@inproceedings{Hempel2016,
 author = {Hempel, Brian and Chugh, Ravi},
 title = {Semi-Automated SVG Programming via Direct Manipulation},
 booktitle = {Proceedings of the 29th Annual Symposium on User Interface Software and Technology},
 series = {UIST '16},
 year = {2016},
 isbn = {978-1-4503-4189-9},
 location = {Tokyo, Japan},
 pages = {379--390},
 numpages = {12},
 url = {http://doi.acm.org/10.1145/2984511.2984575},
 doi = {10.1145/2984511.2984575},
 acmid = {2984575},
 publisher = {ACM},
 address = {New York, NY, USA},
 keywords = {direct manipulation, live programming, svg},
} 

@inproceedings{Gulwani2014,
 author = {Gulwani, Sumit and Marron, Mark},
 title = {NLyze: Interactive Programming by Natural Language for Spreadsheet Data Analysis and Manipulation},
 booktitle = {Proceedings of the 2014 ACM SIGMOD International Conference on Management of Data},
 series = {SIGMOD '14},
 year = {2014},
 isbn = {978-1-4503-2376-5},
 location = {Snowbird, Utah, USA},
 pages = {803--814},
 numpages = {12},
 url = {http://doi.acm.org/10.1145/2588555.2612177},
 doi = {10.1145/2588555.2612177},
 acmid = {2612177},
 publisher = {ACM},
 address = {New York, NY, USA},
 keywords = {end-user programming, program synthesis, spreadsheet programming, user intent},
} 

@inproceedings{Le2013,
 author = {Le, Vu and Gulwani, Sumit and Su, Zhendong},
 title = {SmartSynth: Synthesizing Smartphone Automation Scripts from Natural Language},
 booktitle = {Proceeding of the 11th Annual International Conference on Mobile Systems, Applications, and Services},
 series = {MobiSys '13},
 year = {2013},
 isbn = {978-1-4503-1672-9},
 location = {Taipei, Taiwan},
 pages = {193--206},
 numpages = {14},
 url = {http://doi.acm.org/10.1145/2462456.2464443},
 doi = {10.1145/2462456.2464443},
 acmid = {2464443},
 publisher = {ACM},
 address = {New York, NY, USA},
 keywords = {automation script, natural language processing, program synthesis, smartphone},
} 

@article{deductive,
 author = {Manna, Zohar and Waldinger, Richard J.},
 title = {Toward Automatic Program Synthesis},
 journal = {Commun. ACM},
 issue_date = {March 1971},
 volume = {14},
 number = {3},
 month = mar,
 year = {1971},
 issn = {0001-0782},
 pages = {151--165},
 numpages = {15},
 url = {http://doi.acm.org/10.1145/362566.362568},
 doi = {10.1145/362566.362568},
 acmid = {362568},
 publisher = {ACM},
 address = {New York, NY, USA},
 keywords = {answer extraction, artificial intelligence, automatic program synthesis, mathematical induction principle, problem solving, theorem proving},
} 

@inproceedings{Jha2010,
 author = {Jha, Susmit and Gulwani, Sumit and Seshia, Sanjit A. and Tiwari, Ashish},
 title = {Oracle-guided Component-based Program Synthesis},
 booktitle = {Proceedings of the 32Nd ACM/IEEE International Conference on Software Engineering - Volume 1},
 series = {ICSE '10},
 year = {2010},
 isbn = {978-1-60558-719-6},
 location = {Cape Town, South Africa},
 pages = {215--224},
 numpages = {10},
 url = {http://doi.acm.org/10.1145/1806799.1806833},
 doi = {10.1145/1806799.1806833},
 acmid = {1806833},
 publisher = {ACM},
 address = {New York, NY, USA},
 keywords = {SAT, SMT, oracle-based learning, program synthesis},
} 

@inproceedings{Nguyen2013,
 author = {Nguyen, Hoang Duong Thien and Qi, Dawei and Roychoudhury, Abhik and Chandra, Satish},
 title = {SemFix: Program Repair via Semantic Analysis},
 booktitle = {Proceedings of the 2013 International Conference on Software Engineering},
 series = {ICSE '13},
 year = {2013},
 isbn = {978-1-4673-3076-3},
 location = {San Francisco, CA, USA},
 pages = {772--781},
 numpages = {10},
 url = {http://dl.acm.org/citation.cfm?id=2486788.2486890},
 acmid = {2486890},
 publisher = {IEEE Press},
 address = {Piscataway, NJ, USA},
} 

@article{Joshi2002,
 author = {Joshi, Rajeev and Nelson, Greg and Randall, Keith},
 title = {Denali: A Goal-directed Superoptimizer},
 journal = {SIGPLAN Not.},
 issue_date = {May 2002},
 volume = {37},
 number = {5},
 month = may,
 year = {2002},
 issn = {0362-1340},
 pages = {304--314},
 numpages = {11},
 url = {http://doi.acm.org/10.1145/543552.512566},
 doi = {10.1145/543552.512566},
 acmid = {512566},
 publisher = {ACM},
 address = {New York, NY, USA},
 keywords = {optimizing compiler, superoptimizer},
} 

@phdthesis{sketch,
 author = {Solar-Lezama, Armando},
 advisor = {Bodik, Rastislav},
 title = {Program Synthesis by Sketching},
 year = {2008},
 isbn = {978-1-109-09745-0},
 note = {AAI3353225},
 publisher = {University of California at Berkeley},
 address = {Berkeley, CA, USA},
} 

@incollection{AlurBDF0JKMMRSSSSTU15,
  author    = {Rajeev Alur and
               Rastislav Bod{\'{\i}}k and
               Eric Dallal and
               Dana Fisman and
               Pranav Garg and
               Garvit Juniwal and
               Hadas Kress{-}Gazit and
               P. Madhusudan and
               Milo M. K. Martin and
               Mukund Raghothaman and
               Shambwaditya Saha and
               Sanjit A. Seshia and
               Rishabh Singh and
               Armando Solar{-}Lezama and
               Emina Torlak and
               Abhishek Udupa},
  title     = {Syntax-Guided Synthesis},
  booktitle = {Dependable Software Systems Engineering},
  pages     = {1--25},
  year      = {2015},
  url       = {https://doi.org/10.3233/978-1-61499-495-4-1},
  doi       = {10.3233/978-1-61499-495-4-1},
  timestamp = {Wed, 14 Jun 2017 20:39:07 +0200},
  biburl    = {https://dblp.org/rec/bib/series/natosec/AlurBDF0JKMMRSSSSTU15},
  editor    = {Maximilian Irlbeck and
               Doron A. Peled and
               Alexander Pretschner},
  series    = {{NATO} Science for Peace and Security Series, {D:} Information and
               Communication Security},
  volume    = {40},
  publisher = {{IOS} Press},
  isbn      = {978-1-61499-494-7},
  timestamp = {Fri, 12 Feb 2016 07:36:54 +0100},
  biburl    = {https://dblp.org/rec/bib/series/natosec/40},
  bibsource = {dblp computer science bibliography, https://dblp.org}
}

@inproceedings{Gulwani2007,
 author = {Gulwani, Sumit and Jojic, Nebojsa},
 title = {Program Verification As Probabilistic Inference},
 booktitle = {Proceedings of the 34th Annual ACM SIGPLAN-SIGACT Symposium on Principles of Programming Languages},
 series = {POPL '07},
 year = {2007},
 isbn = {1-59593-575-4},
 location = {Nice, France},
 pages = {277--289},
 numpages = {13},
 url = {http://doi.acm.org/10.1145/1190216.1190258},
 doi = {10.1145/1190216.1190258},
 acmid = {1190258},
 publisher = {ACM},
 address = {New York, NY, USA},
 keywords = {Gibbs sampling, Markov chain Monte Carlo, automated recovery machine, belief networks, factor graphs, forward and backward analysis, learning, over and under approximation, probabilistic inference, program verification},
} 

@inproceedings{Katz2008,
 author = {Katz, Gal and Peled, Doron},
 title = {Genetic Programming and Model Checking: Synthesizing New Mutual Exclusion Algorithms},
 booktitle = {Proceedings of the 6th International Symposium on Automated Technology for Verification and Analysis},
 series = {ATVA '08},
 year = {2008},
 isbn = {978-3-540-88386-9},
 location = {Seoul, Korea},
 pages = {33--47},
 numpages = {15},
 url = {http://dx.doi.org/10.1007/978-3-540-88387-6_5},
 doi = {10.1007/978-3-540-88387-6_5},
 acmid = {1478285},
 publisher = {Springer-Verlag},
 address = {Berlin, Heidelberg},
} 

@article{Gulwani2012,
 author = {Gulwani, Sumit and Harris, William R. and Singh, Rishabh},
 title = {Spreadsheet Data Manipulation Using Examples},
 journal = {Commun. ACM},
 issue_date = {August 2012},
 volume = {55},
 number = {8},
 month = aug,
 year = {2012},
 issn = {0001-0782},
 pages = {97--105},
 numpages = {9},
 url = {http://doi.acm.org/10.1145/2240236.2240260},
 doi = {10.1145/2240236.2240260},
 acmid = {2240260},
 publisher = {ACM},
 address = {New York, NY, USA},
} 

@article{Polozov2015,
 author = {Polozov, Oleksandr and Gulwani, Sumit},
 title = {FlashMeta: A Framework for Inductive Program Synthesis},
 journal = {SIGPLAN Not.},
 issue_date = {October 2015},
 volume = {50},
 number = {10},
 month = oct,
 year = {2015},
 issn = {0362-1340},
 pages = {107--126},
 numpages = {20},
 url = {http://doi.acm.org/10.1145/2858965.2814310},
 doi = {10.1145/2858965.2814310},
 acmid = {2814310},
 publisher = {ACM},
 address = {New York, NY, USA},
 keywords = {Inductive program synthesis, deductive inference, domain-specific languages, frameworks, programming by examples, search-based synthesis},
} 
